<record><leader>00000cas a22000001a 4500</leader><controlfield tag="001">10892014</controlfield><controlfield tag="007">hd afu---buca</controlfield><controlfield tag="008">840627d19641982ncudr nea     0    0eng d</controlfield><datafield ind1=" " ind2=" " tag="010"><subfield code="a">sn 90039772 </subfield></datafield><datafield ind1=" " ind2=" " tag="040"><subfield code="a">ALM</subfield><subfield code="b">eng</subfield><subfield code="c">ALM</subfield><subfield code="d">HUL</subfield><subfield code="d">OCLCQ</subfield></datafield><datafield ind1=" " ind2=" " tag="012"><subfield code="i">9012</subfield></datafield><datafield ind1=" " ind2=" " tag="042"><subfield code="a">msc</subfield></datafield><datafield ind1=" " ind2=" " tag="043"><subfield code="a">n-us-mn</subfield></datafield><datafield ind1="0" ind2=" " tag="130"><subfield code="a">Minneapolis tribune (Minneapolis, Minn. : 1964)</subfield></datafield><datafield ind1="1" ind2="0" tag="245"><subfield code="a">Minneapolis tribune</subfield><subfield code="h">[microform].</subfield></datafield><datafield ind1=" " ind2=" " tag="260"><subfield code="a">Minneapolis, Minn. :</subfield><subfield code="b">Minneapolis Star and Tribune Co.,</subfield><subfield code="c">1964-1982.</subfield></datafield><datafield ind1=" " ind2=" " tag="300"><subfield code="a">18 v. :</subfield><subfield code="b">ill.</subfield></datafield><datafield ind1=" " ind2=" " tag="310"><subfield code="a">Daily</subfield></datafield><datafield ind1="0" ind2=" " tag="362"><subfield code="a">Vol. 98, no. 112 (Sept. 13, 1964)-v. 115, no. 270 (Apr. 4, 1982).</subfield></datafield><datafield ind1=" " ind2=" " tag="500"><subfield code="a">"Independent." Cf. Ayer, 1982.</subfield></datafield><datafield ind1=" " ind2=" " tag="580"><subfield code="a">Merged with: Minneapolis star (Minneapolis, Minn. : 1939), to form: Minneapolis star and tribune.</subfield></datafield><datafield ind1=" " ind2=" " tag="533"><subfield code="a">Microfilm.</subfield><subfield code="b">Sanford, N.C. :</subfield><subfield code="c">Microfilming Corp. of America.</subfield><subfield code="e">microfilm reels ; 35 mm.</subfield></datafield><datafield ind1=" " ind2=" " tag="752"><subfield code="a">United States</subfield><subfield code="b">Minnesota</subfield><subfield code="c">Hennepin</subfield><subfield code="d">Minneapolis.</subfield></datafield><datafield ind1="0" ind2="0" tag="780"><subfield code="t">Minneapolis morning tribune (Minneapolis, Minn. : 1939)</subfield><subfield code="w">(DLC)sn 83016773</subfield></datafield><datafield ind1="1" ind2="7" tag="785"><subfield code="t">Minneapolis star (Minneapolis, Minn. : 1939)</subfield></datafield><datafield ind1="1" ind2="7" tag="785"><subfield code="t">Minneapolis star and tribune</subfield></datafield><datafield ind1=" " ind2=" " tag="850"><subfield code="a">MH</subfield></datafield><datafield ind1=" " ind2=" " tag="936"><subfield code="a">INC</subfield></datafield><datafield ind1="1" ind2=" " tag="029"><subfield code="a">AU@</subfield><subfield code="b">000025878008</subfield></datafield></record>